@online{SINF1PM,
author = {Université Catholique de Louvain},
title = {Année d'études préparatoire au master en sciences informatiques - SINF1PM},
year = {2013-2014},
url = {http://www.uclouvain.be/prog-2013-sinf1pm},
OPTsubtitle = {•},
OPTtitleaddon = {•},
OPTlanguage = {•},
OPTversion = {•},
OPTnote = {•},
OPTorganization = {UCL},
OPTdate = {•},
OPTmonth = {•},
OPTaddendum = {•},
OPTpubstate = {•},
OPTurldate = {•},
}

@online{SINF1BA,
author = {Université Catholique de Louvain},
title = {Bachelier en sciences informatiques - SINF1BA},
year = {2013-2014},
url = {http://www.uclouvain.be/prog-2013-sinf1ba},
OPTsubtitle = {•},
OPTtitleaddon = {•},
OPTlanguage = {•},
OPTversion = {•},
OPTnote = {•},
OPTorganization = {UCL},
OPTdate = {•},
OPTmonth = {•},
OPTaddendum = {•},
OPTpubstate = {•},
OPTurldate = {•},
}

@online{FSA1BA,
author = {Université Catholique de Louvain},
title = {Bachelier en sciences de l'ingénieur, orientation ingénieur civil - FSA1BA (Majeure et Mineure INFO)},
year = {2013-2014},
url = {http://www.uclouvain.be/prog-2013-fsa1ba},
OPTsubtitle = {•},
OPTtitleaddon = {•},
OPTlanguage = {•},
OPTversion = {•},
OPTnote = {•},
OPTorganization = {UCL},
OPTdate = {•},
OPTmonth = {•},
OPTaddendum = {•},
OPTpubstate = {•},
OPTurldate = {•},
}

@online{SINF2M,
author = {Université Catholique de Louvain},
title = {Master [120] en sciences informatiques - SINF2M},
year = {2013-2014},
url = {http://www.uclouvain.be/prog-2013-sinf2m},
OPTsubtitle = {•},
OPTtitleaddon = {•},
OPTlanguage = {•},
OPTversion = {•},
OPTnote = {•},
OPTorganization = {UCL},
OPTdate = {•},
OPTmonth = {•},
OPTaddendum = {•},
OPTpubstate = {•},
OPTurldate = {•},
}

@online{SINF2M1,
author = {Université Catholique de Louvain},
title = {Master [60] en sciences informatiques - SINF2M},
year = {2013-2014},
url = {http://www.uclouvain.be/prog-2013-sinf2m1},
OPTsubtitle = {•},
OPTtitleaddon = {•},
OPTlanguage = {•},
OPTversion = {•},
OPTnote = {•},
OPTorganization = {UCl},
OPTdate = {•},
OPTmonth = {•},
OPTaddendum = {•},
OPTpubstate = {•},
OPTurldate = {•},
}

@online{INFO2M,
author = {Université Catholique de Louvain},
title = {Master [120] : ingénieur civil en informatique - INFO2M},
year = {2013-2014},
url = {http://www.uclouvain.be/prog-2013-info2m},
OPTsubtitle = {•},
OPTtitleaddon = {•},
OPTlanguage = {•},
OPTversion = {•},
OPTnote = {•},
OPTorganization = {URL},
OPTdate = {•},
OPTmonth = {•},
OPTaddendum = {•},
OPTpubstate = {•},
OPTurldate = {•},
}

@online{fat_models,
author = {Bryan Helmkamp},
title = {7 ways to decompose fat activerecord models},
year = {2012},
url = {http://blog.codeclimate.com/blog/2012/10/17/7-ways-to-decompose-fat-activerecord-models/},
OPTsubtitle = {•},
OPTtitleaddon = {•},
OPTlanguage = {•},
OPTversion = {•},
OPTnote = {•},
OPTorganization = {•},
OPTdate = {•},
OPTmonth = {•},
OPTaddendum = {•},
OPTpubstate = {•},
OPTurldate = {•},
}

@online{DRY,
author = {•},
title = {Don't reapeat yourself - Rails Best Practices},
year = {•},
url = {http://en.wikibooks.org/wiki/Ruby_on_Rails/Getting_Started/Don't_repeat_yourself},
OPTsubtitle = {•},
OPTtitleaddon = {•},
OPTlanguage = {•},
OPTversion = {•},
OPTnote = {•},
OPTorganization = {•},
OPTdate = {•},
OPTmonth = {•},
OPTaddendum = {•},
OPTpubstate = {•},
OPTurldate = {•},
}

@online{rails_cast_migration_to_postgresql,
author = {Rails Casts},
title = {Migrating to postgresql},
year = {2012},
url = {http://railscasts.com/episodes/342-migrating-to-postgresql},
OPTsubtitle = {•},
OPTtitleaddon = {•},
OPTlanguage = {•},
OPTversion = {•},
OPTnote = {•},
OPTorganization = {•},
OPTdate = {•},
OPTmonth = {•},
OPTaddendum = {•},
OPTpubstate = {•},
OPTurldate = {•},
}


@online{active_record,
author = {Rails Guides},
title = {Active Record Querying Interface},
year = {2014},
url = {http://guides.rubyonrails.org/active_record_querying.html},
OPTtitleaddon = {•},
OPTlanguage = {•},
OPTversion = {•},
OPTnote = {•},
OPTorganization = {•},
OPTdate = {•},
OPTmonth = {•},
OPTaddendum = {•},
OPTpubstate = {•},
OPTurldate = {•},
}

@online{STI,
author = {Eugene Wang},
title = {How (and When) to Use Single Table Inheritance in Rails},
year = {2013},
url = {http://eewang.github.io/blog/2013/03/12/how-and-when-to-use-single-table-inheritance-in-rails/},
OPTMonth = {Mai},
}

@online{cohesion_couplage,
author= {Jeremy Miller},
title = {Cohésion et couplage},
year = {2008},
url = {http://msdn.microsoft.com/fr-fr/magazine/cc947917.aspx},
OPTorganisation = {Microsoft},
}

@online{OpenStruct,
title = {OpenStruct API Documentation}
url = {http://www.ruby-doc.org/stdlib-2.0/libdoc/ostruct/rdoc/OpenStruct.html},
OPTorganisation = {Ruby},
}



















